@BOOK{Smith:2022qr,
   title = {Chemistry},
   publisher = {Publisher},
   author = {Smith, J.~M. and Jones, A.~B.},
   year = {2022},
   edition = {7th},
}

@ARTICLE{Smith:2021jd,
	author = {Jones, A.~B. and Smith, J.~M.},
	title = {{A}rticle {T}itle},
	journal = {Journal title},
	year = {2021},
	volume = {13},
	pages = {123-456},
	number = {52},
	month = {3},
	publisher = {Publisher},
	doi = {10.1038/s41586-021-03616-x},
}

@ONLINE{branislav,
    author = "Branislav L. Slantchev",
    title = "Game Theory: Dominance, Nash Equilibrium, Symmetry",
    year = "2008",
    month = "5",
    day = "23",
    url  = "http://slantchev.ucsd.edu/courses/gt/04-strategic-form.pdf",
    addendum = "(accessed: 13.12.2022)",
    keywords = "game theory, nash equilibria"
}

% @ARTICLE{Branislav:2008,
% 	author = {Branislav L. Slantchev},
% 	title = {Game Theory: Dominance, Nash Equilibrium, Symmetry},
% 	year = {2008},
% 	month = {5},
% 	address = {http://slantchev.ucsd.edu/courses/gt/04-strategic-form.pdf},
% }